<record><leader>00000cas a22000007a 4500</leader><controlfield tag="001">14287409</controlfield><controlfield tag="008">861001d194819uutxumr ne      0    0eng d</controlfield><datafield ind1=" " ind2=" " tag="010"><subfield code="a">sn 86089491 </subfield></datafield><datafield ind1=" " ind2=" " tag="040"><subfield code="a">PPM</subfield><subfield code="b">eng</subfield><subfield code="c">PPM</subfield><subfield code="d">IXA</subfield><subfield code="d">OCLCQ</subfield><subfield code="d">OCLCF</subfield><subfield code="d">OCLCO</subfield></datafield><datafield ind1=" " ind2=" " tag="019"><subfield code="a">25970013</subfield></datafield><datafield ind1=" " ind2=" " tag="042"><subfield code="a">msc</subfield></datafield><datafield ind1="0" ind2="4" tag="245"><subfield code="a">The Dude wrangler.</subfield></datafield><datafield ind1=" " ind2=" " tag="260"><subfield code="a">Bandera, Tex. :</subfield><subfield code="b">Mrs. John Saul,</subfield><subfield code="c">1948-</subfield></datafield><datafield ind1=" " ind2=" " tag="300"><subfield code="a">v. :</subfield><subfield code="b">ill. ;</subfield><subfield code="c">45 cm.</subfield></datafield><datafield ind1=" " ind2=" " tag="310"><subfield code="a">Monthly</subfield></datafield><datafield ind1="0" ind2=" " tag="362"><subfield code="a">Vol. 1, no. 1 (Nov. 1, 1948)-</subfield></datafield><datafield ind1=" " ind2="0" tag="650"><subfield code="a">Dude ranches.</subfield></datafield><datafield ind1=" " ind2="7" tag="650"><subfield code="a">Dude ranches.</subfield><subfield code="2">fast</subfield><subfield code="0">(OCoLC)fst00899331</subfield></datafield><datafield ind1=" " ind2=" " tag="752"><subfield code="a">United States</subfield><subfield code="b">Texas</subfield><subfield code="c">Bandera</subfield><subfield code="d">Bandera.</subfield></datafield></record>